
@inproceedings{Kormelink2018,
	title = {Exploration {Methods} for {Connectionist} {Q}-{Learning} in {Bomberman}},
	doi = {10.5220/0006556403550362},
	author = {Kormelink, Joseph Groot and Drugan, Madalina and Wiering, Marco},
	year = {2018},
}

@article{Franca2019,
	title = {Learning {How} to {Play} {Bomberman} with {Deep} {Reinforcement} and {Imitation} {Learning}},
	doi = {10.1007/978-3-030-34644-7_10},
	journal = {Entertainment Computing and Serious Games},
	author = {França, Ícaro Goulart Faria Motta and Paes, Aline and Clua, Esteban},
	year = {2019},
}

@article{Wang2016,
	title = {Dueling {Network} {Architectures} for {Deep} {Reinforcement} {Learning}},
	url = {https://arxiv.org/abs/1511.06581},
	journal = {arXiv},
	author = {Wang, Ziyu and Schaul, Tom and Hessel, Matteo and van Hasselt, Hado and Lanctot, Marc and de Freitas, Nando},
	year = {2016},
}

@phdthesis{daCruzLopes2016,
	address = {Departamento de Ciência de Computadores},
	title = {Bomberman as an {Artificial} {Intelligence} {Platform}},
	url = {https://repositorio-aberto.up.pt/bitstream/10216/91011/2/176444.pdf},
	school = {Universidade do Porto},
	author = {da Cruz Lopes, Manuel António},
	year = {2016},
}

@article{vanHasselt2015,
	title = {Deep {Reinforcement} {Learning} with {Double} {Q}-learning},
	url = {https://arxiv.org/abs/1509.06461},
	journal = {arXiv},
	author = {van Hasselt, Hado and Guez, Arthur and Silver, David},
	year = {2015},
}

@inproceedings{Huang2018,
	title = {V-{D} {D3QN}: the {Variant} of {Double} {Deep} {Q}-{Learning} {Network} with {Dueling} {Architecture}},
	doi = {10.23919/ChiCC.2018.8483478},
	author = {Huang, Ying and Wei, GuoLiang and Wang, YongXiong},
	year = {2018},
}

@book{Geron2018,
	title = {Praxiseinstieg {Machine} {Learning} mit {Scikit}-{Learn} und {TensorFlow}},
	isbn = {978-3-96006-061-8},
	publisher = {O'REILLEY},
	author = {Géron, Aurélien},
	year = {2018},
}

@article{Hessel2017,
	title = {Rainbow: {Combining} {Improvements} in {Deep} {Reinforcement} {Learning}},
	url = {https://arxiv.org/abs/1710.02298},
	journal = {arXiv},
	author = {Hessel, Matteo and Modayil, Joseph and van Hasselt, Hado and Schaul, Tom and Ostrovski, Georg and Dabney, Will and Horgan, Dan and Piot, Bilal and Azar, Mohammad and Silver, David},
	year = {2017},
}
